<?xml version="1.0" encoding="UTF-8"?><record xmlns="http://www.loc.gov/MARC21/slim" xmlns:cinclude="http://apache.org/cocoon/include/1.0" xmlns:zs="http://www.loc.gov/zing/srw/">
  <leader>03225cz  a2200469n  4500</leader>
  <controlfield tag="001">n  84165394 </controlfield>
  <controlfield tag="003">DLC</controlfield>
  <controlfield tag="005">20150124073815.0</controlfield>
  <controlfield tag="008">841025n| azannaabn          |b aaa      </controlfield>
  <datafield tag="010" ind1=" " ind2=" ">
    <subfield code="a">n  84165394 </subfield>
  </datafield>
  <datafield tag="035" ind1=" " ind2=" ">
    <subfield code="a">(OCoLC)oca01209301</subfield>
  </datafield>
  <datafield tag="040" ind1=" " ind2=" ">
    <subfield code="a">DLC</subfield>
    <subfield code="b">eng</subfield>
    <subfield code="e">rda</subfield>
    <subfield code="c">DLC</subfield>
    <subfield code="d">DLC</subfield>
    <subfield code="d">UPB</subfield>
    <subfield code="d">WaU</subfield>
  </datafield>
  <datafield tag="046" ind1=" " ind2=" ">
    <subfield code="f">19120408</subfield>
    <subfield code="g">19691012</subfield>
  </datafield>
  <datafield tag="100" ind1="1" ind2=" ">
    <subfield code="a">Henie, Sonja,</subfield>
    <subfield code="d">1912-1969</subfield>
  </datafield>
  <datafield tag="370" ind1=" " ind2=" ">
    <subfield code="a">Kristiania (Norway)</subfield>
    <subfield code="c">Norway</subfield>
    <subfield code="2">naf</subfield>
  </datafield>
  <datafield tag="372" ind1=" " ind2=" ">
    <subfield code="a">Acting</subfield>
    <subfield code="a">Figure skating</subfield>
    <subfield code="2">lcsh</subfield>
  </datafield>
  <datafield tag="373" ind1=" " ind2=" ">
    <subfield code="a">Olympic Winter Games (1st : 1924 : Chamonix-Mont-Blanc, France)</subfield>
    <subfield code="a">Olympic Winter Games (2nd : 1928 : Saint Moritz, Switzerland)</subfield>
    <subfield code="a">Olympic Winter Games (3rd : 1932 : Lake Placid, N.Y.)</subfield>
    <subfield code="a">Olympic Winter Games (4th : 1936 : Garmisch-Partenkirchen, Germany)</subfield>
    <subfield code="2">naf</subfield>
  </datafield>
  <datafield tag="374" ind1=" " ind2=" ">
    <subfield code="a">Actor</subfield>
    <subfield code="2">itoamc</subfield>
  </datafield>
  <datafield tag="374" ind1=" " ind2=" ">
    <subfield code="a">Figure skater</subfield>
    <subfield code="2">raam</subfield>
  </datafield>
  <datafield tag="374" ind1=" " ind2=" ">
    <subfield code="a">Actors</subfield>
    <subfield code="a">Actresses</subfield>
    <subfield code="a">Figure skaters</subfield>
    <subfield code="a">Olympic athletes</subfield>
    <subfield code="2">lcsh</subfield>
  </datafield>
  <datafield tag="375" ind1=" " ind2=" ">
    <subfield code="a">female</subfield>
  </datafield>
  <datafield tag="377" ind1=" " ind2=" ">
    <subfield code="a">eng</subfield>
    <subfield code="a">nor</subfield>
  </datafield>
  <datafield tag="400" ind1="1" ind2=" ">
    <subfield code="a">Хені, Соня,</subfield>
    <subfield code="d">1912-1969</subfield>
  </datafield>
  <datafield tag="400" ind1="1" ind2=" ">
    <subfield code="a">Kheni, Soni︠a︡,</subfield>
    <subfield code="d">1912-1969</subfield>
  </datafield>
  <datafield tag="400" ind1="1" ind2=" ">
    <subfield code="a">Хени, Соня,</subfield>
    <subfield code="d">1912-1969</subfield>
  </datafield>
  <datafield tag="400" ind1="1" ind2=" ">
    <subfield code="a">הני, סוניה,</subfield>
    <subfield code="d">1912-1969</subfield>
  </datafield>
  <datafield tag="400" ind1="1" ind2=" ">
    <subfield code="a">Heni, Sonyah,</subfield>
    <subfield code="d">1912-1969</subfield>
  </datafield>
  <datafield tag="400" ind1="1" ind2=" ">
    <subfield code="a">Henije, Sonja,</subfield>
    <subfield code="d">1912-1969</subfield>
  </datafield>
  <datafield tag="400" ind1="1" ind2=" ">
    <subfield code="a">ソニア・ヘニー,</subfield>
    <subfield code="d">1912-1969</subfield>
  </datafield>
  <datafield tag="400" ind1="1" ind2=" ">
    <subfield code="a">ヘニー, ソニア,</subfield>
    <subfield code="d">1912-1969</subfield>
  </datafield>
  <datafield tag="400" ind1="1" ind2=" ">
    <subfield code="a">Henī, Sonia,</subfield>
    <subfield code="d">1912-1969</subfield>
  </datafield>
  <datafield tag="400" ind1="1" ind2=" ">
    <subfield code="a">Хени, Сонја,</subfield>
    <subfield code="d">1912-1969</subfield>
  </datafield>
  <datafield tag="400" ind1="1" ind2=" ">
    <subfield code="a">Heni, Sonja,</subfield>
    <subfield code="d">1912-1969</subfield>
  </datafield>
  <datafield tag="400" ind1="1" ind2=" ">
    <subfield code="a">桑雅·赫尼,</subfield>
    <subfield code="d">1912-1969</subfield>
  </datafield>
  <datafield tag="400" ind1="1" ind2=" ">
    <subfield code="a">赫尼, 桑雅,</subfield>
    <subfield code="d">1912-1969</subfield>
  </datafield>
  <datafield tag="400" ind1="1" ind2=" ">
    <subfield code="a">Heni, Sangya,</subfield>
    <subfield code="d">1912-1969</subfield>
  </datafield>
  <datafield tag="667" ind1=" " ind2=" ">
    <subfield code="a">Non-Latin script references not evaluated.</subfield>
  </datafield>
  <datafield tag="670" ind1=" " ind2=" ">
    <subfield code="a">Strait, R. Queen of Ice ... 1985:</subfield>
    <subfield code="b">CIP t.p. (in title: Sonja Henie) pub. info. (famous figure-skater &amp; movie star)</subfield>
  </datafield>
  <datafield tag="670" ind1=" " ind2=" ">
    <subfield code="a">LC manual auth. cd.</subfield>
    <subfield code="b">(hdg.: Henie, Sonja, 1912-1969)</subfield>
  </datafield>
  <datafield tag="670" ind1=" " ind2=" ">
    <subfield code="a">Internet movie database, via WWW, Jan. 9, 2013</subfield>
    <subfield code="b">(Sonja Henie; b. April 8, 1912 in Kristiania, Norway [now Oslo, Norway]; d. Oct. 12, 1969 in en route by air to Oslo, Norway; ice skater, actress; spouses: Daniel Topping (1940-1946, divorced), Winthrop Gardner (1949-1956, divorced), Niels Onstad (1956-1969))</subfield>
  </datafield>
  <datafield tag="670" ind1=" " ind2=" ">
    <subfield code="a">Wikipedia, November 12, 2014</subfield>
    <subfield code="b">(Sonja Henie (April 8, 1912-October 12, 1969) was a Norwegian figure skater and film star. She was a three-time Olympic Champion (1928, 1932, 1936) in Ladies' Singles, a ten-time World Champion (1927-1936) and a six-time European Champion (1931-1936). Henie won more Olympic and World titles than any other ladies' figure skater; 8th in 1924 Olympics; born in Kristiania (currenlty Oslo), Norway; died during a flight from Paris to Oslo (complications from leukemia)) Belarusian page (Соня Хені = Soni︠a︡ Kheni) Bulgarian page (Соня Хени = Soni︠a︡ Kheni) Hebrew page (סוניה הני = Sonyah Heni) Latvian page (Sonja Henije) Japanese page (ソニア・ヘニー = Sonia Henī) Russian page (Хени, Соня = Kheni, Soni︠a︡) Serbian page (Сонја Хени = Sonja Heni) Ukrainian page (Соня Хені = Soni︠a︡ Kheni) Chinese page (桑雅·赫尼 = Sangya Heni)</subfield>
  </datafield>
  <datafield tag="678" ind1="0" ind2=" ">
    <subfield code="a">Sonja Henie (1912-1969) was a Norwegian figure skater and actress who won the gold medal in three consecutive Olympic Winter Games (1928, 1932, 1936).</subfield>
  </datafield>
</record>